# >----------------General----------------<
@misc{doc:SalsaManual,
    author = {Cathy Horellou, Daniel Johansson, Eskil Varenius, Grzegorz Klopotek; Onsala Space Observatory; Chalmers University of Technology},
    title = {SALSA user manual: Telescope control and data analysis},
    year = {2018},
    url = {https://raw.githubusercontent.com/varenius/salsa/main/User_manual/English/SALSA-USERMANUAL_English.pdf},
    note = "[Online; abgerufen am 10.02.2024]"
}

@misc{doc:SALSAStudentManual,
    author = {Cathy Horellou, Daniel Johansson, Eskil Varenius},
    title = {SALSA project documentation: Mapping the Milky Way}, 
    year = {2015},
    url = "\url{https://fp.physik.uni-konstanz.de/docs/SALSAremote/SALSA-HI_English.pdf}",
    note = "[Online; abgerufen am 12-February-2024]"
}


@article{PhysRev.110.65,
  title = {Spin-Lattice Relaxation},
  author = {Strandberg, M. W. P.},
  journal = {Phys. Rev.},
  volume = {110},
  issue = {1},
  pages = {65--69},
  numpages = {0},
  year = {1958},
  month = {Apr},
  publisher = {American Physical Society},
  doi = {10.1103/PhysRev.110.65},
  url = {https://link.aps.org/doi/10.1103/PhysRev.110.65}
}

# >------------Auswertung_Sonne-------------<
@misc{Wetter:WindOnsala14h,
    author = {Kachelmanwetter},
    title = {Messwerte: Windböen (m/s), Västra Götaland, 31.01.24 14:00 Uhr},
    year = {2024},
    url = {https://kachelmannwetter.com/de/messwerte/vastra-gotaland/windboeen-1std-ms/20240131-1300z.html},
    note = "[Online; abgerufen am 11.02.2024]"
}

@misc{Wetter:Windwarnskala,
    author = {Deutscher Wetterdienst},
    title = {Warnungen - Windwarnskala},
    year = {2024},
    url = {https://www.wettergefahren.de/warnungen/windwarnskala.html},
    note = "[Online; abgerufen am 11.02.2024]"
}

@misc{dewiki:RayleighKrit,
   author = "Wikipedia",
   title = "Rayleigh-Kriterium --- Wikipedia{,} die freie Enzyklopädie",
   year = "2023",
   url = "\url{https://de.wikipedia.org/w/index.php?title=Rayleigh-Kriterium&oldid=230784472}",
   note = "[Online; Stand 11. Februar 2024]"
 }

# >----------------Kapitel 3----------------<
@misc{TUEV:Oberschwingungen,
    title = {OBERSCHWINGUNGEN: URSACHE, ANALYSE, ABHILFE},
    author = {TÜV},
    year = {2023},
    url = {https://www.tuvsud.com/de-de/indust-re/elektrotechnik-info/oberschwingungen2},
    note = {[Online; accessed 24-November-2023]},
}

@misc{ enwiki:FWHM,
    author = "{Wikipedia contributors}",
    title = "Full width at half maximum --- {Wikipedia}{,} The Free Encyclopedia",
    year = "2023",
    howpublished = "\url{https://en.wikipedia.org/w/index.php?title=Full_width_at_half_maximum&oldid=1136291118}",
    note = "[Online; accessed 24-November-2023]"
}



@article{doi:10.1126/science.1120914,
    author = {Y. Xu  and M. J. Reid  and X. W. Zheng  and K. M. Menten },
    title = {The Distance to the Perseus Spiral Arm in the Milky Way},
    journal = {Science},
    volume = {311},
    number = {5757},
    pages = {54-57},
    year = {2006},
    doi = {10.1126/science.1120914},
    URL = {https://www.science.org/doi/abs/10.1126/science.1120914},
    eprint = {https://www.science.org/doi/pdf/10.1126/science.1120914},
    abstract = {We have measured the distance to the massive star–forming region W3OH in the Perseus spiral arm of the Milky Way to be 1.95 ± 0.04 kiloparsecs (5.86 ×1016 km). This distance was determined by triangulation, with Earth's orbit as one segment of a triangle, using the Very Long Baseline Array. This resolves the long-standing problem that there is a discrepancy of a factor of 2 between different techniques used to determine distances. The reason for the discrepancy is that this portion of the Perseus arm has anomalous motions. The orientation of the anomalous motion agrees with spiral density-wave theory, but the magnitude of the motion is somewhat larger than most models predict.}
}

@misc{wiki:ArmSchematikII,
   author = "Wikimedia Commons",
   title = "File:Milky Way Arms de.svg --- Wikimedia Commons{,} the free media repository",
   year = "2020",
   url = "https://commons.wikimedia.org/w/index.php?title=File:Milky_Way_Arms_de.svg&oldid=471804233",
   note = "[Online; accessed 12-February-2024]"
 }