# >----------------Kapitel 3----------------<
@misc{TUEV:Oberschwingungen,
    title = {OBERSCHWINGUNGEN: URSACHE, ANALYSE, ABHILFE},
    author = {TÃœV},
    year = {2023},
    url = {https://www.tuvsud.com/de-de/indust-re/elektrotechnik-info/oberschwingungen2},
    note = {[Online; accessed 24-November-2023]},
}

@misc{ enwiki:FWHM,
    author = "{Wikipedia contributors}",
    title = "Full width at half maximum --- {Wikipedia}{,} The Free Encyclopedia",
    year = "2023",
    howpublished = "\url{https://en.wikipedia.org/w/index.php?title=Full_width_at_half_maximum&oldid=1136291118}",
    note = "[Online; accessed 24-November-2023]"
}