@article{epx8-paper,
  author = {Dickmann, Prof. Dr. -Ing.},
  title = {Diodelaser Pumped},
  journal = {Fachhochschule MÃ¼nster}
}
