# >----------------General----------------<
@misc{doc:EFNMRStudentManual,
    author = {Meghan E. Halse},
    title = {Terranova-MRI EFNMR Student Guide},
    year = {2006},
    url = {https://fp.physik.uni-konstanz.de/docs/EFNMR/Terranova%20EFNMR%20Student%20Manual%20small.pdf},
    note = "[Online; accessed 27-November-2023]"
}

@article{PhysRev.110.65,
  title = {Spin-Lattice Relaxation},
  author = {Strandberg, M. W. P.},
  journal = {Phys. Rev.},
  volume = {110},
  issue = {1},
  pages = {65--69},
  numpages = {0},
  year = {1958},
  month = {Apr},
  publisher = {American Physical Society},
  doi = {10.1103/PhysRev.110.65},
  url = {https://link.aps.org/doi/10.1103/PhysRev.110.65}
}

# >----------------Kapitel 3----------------<
@misc{TUEV:Oberschwingungen,
    title = {OBERSCHWINGUNGEN: URSACHE, ANALYSE, ABHILFE},
    author = {TÃœV},
    year = {2023},
    url = {https://www.tuvsud.com/de-de/indust-re/elektrotechnik-info/oberschwingungen2},
    note = {[Online; accessed 24-November-2023]},
}

@misc{ enwiki:FWHM,
    author = "{Wikipedia contributors}",
    title = "Full width at half maximum --- {Wikipedia}{,} The Free Encyclopedia",
    year = "2023",
    howpublished = "\url{https://en.wikipedia.org/w/index.php?title=Full_width_at_half_maximum&oldid=1136291118}",
    note = "[Online; accessed 24-November-2023]"
}


