# >----------------General----------------<
@misc{doc:experiment08,
    author = {Prof. Dr.-Ing. Dickmann},
    title = {Diodelaser Pumped Nd:YAG Laser},
    url = {https://fp.physik.uni-konstanz.de/docs/NDYAG/experiment08.pdf},
    note = "[Online; abgerufen am 13. Dezember 2023]"
}



