# >----------------General----------------<
@misc{doc:SalsaManual,
    author = {Cathy Horellou, Daniel Johansson, Eskil Varenius, Grzegorz Klopotek; Onsala Space Observatory; Chalmers University of Technology},
    title = {SALSA user manual: Telescope control and data analysis},
    year = {2018},
    url = {https://raw.githubusercontent.com/varenius/salsa/main/User_manual/English/SALSA-USERMANUAL_English.pdf},
    note = "[Online; abgerufen am 10.02.2024]"
}

@article{PhysRev.110.65,
  title = {Spin-Lattice Relaxation},
  author = {Strandberg, M. W. P.},
  journal = {Phys. Rev.},
  volume = {110},
  issue = {1},
  pages = {65--69},
  numpages = {0},
  year = {1958},
  month = {Apr},
  publisher = {American Physical Society},
  doi = {10.1103/PhysRev.110.65},
  url = {https://link.aps.org/doi/10.1103/PhysRev.110.65}
}

# >------------Auswertung_Sonne-------------<
@misc{Wetter:WindOnsala14h,
    author = {Kachelmanwetter},
    title = {Messwerte: Windböen (m/s), Västra Götaland, 31.01.24 14:00 Uhr},
    year = {2024},
    url = {https://kachelmannwetter.com/de/messwerte/vastra-gotaland/windboeen-1std-ms/20240131-1300z.html},
    note = "[Online; abgerufen am 11.02.2024]"
}

@misc{Wetter:Windwarnskala,
    author = {Deutscher Wetterdienst},
    title = {Warnungen - Windwarnskala},
    year = {2024},
    url = {https://www.wettergefahren.de/warnungen/windwarnskala.html},
    note = "[Online; abgerufen am 11.02.2024]"
}

@misc{dewiki:RayleighKrit,
   author = "Wikipedia",
   title = "Rayleigh-Kriterium --- Wikipedia{,} die freie Enzyklopädie",
   year = "2023",
   url = "\url{https://de.wikipedia.org/w/index.php?title=Rayleigh-Kriterium&oldid=230784472}",
   note = "[Online; Stand 11. Februar 2024]"
 }

# >----------------Kapitel 3----------------<
@misc{TUEV:Oberschwingungen,
    title = {OBERSCHWINGUNGEN: URSACHE, ANALYSE, ABHILFE},
    author = {TÜV},
    year = {2023},
    url = {https://www.tuvsud.com/de-de/indust-re/elektrotechnik-info/oberschwingungen2},
    note = {[Online; accessed 24-November-2023]},
}

@misc{ enwiki:FWHM,
    author = "{Wikipedia contributors}",
    title = "Full width at half maximum --- {Wikipedia}{,} The Free Encyclopedia",
    year = "2023",
    howpublished = "\url{https://en.wikipedia.org/w/index.php?title=Full_width_at_half_maximum&oldid=1136291118}",
    note = "[Online; accessed 24-November-2023]"
}


